@article{orrPerturbationTheoryNonlinear1971,
	title = {Perturbation Theory of the Non-Linear Optical Polarization of an Isolated System},
	volume = {20},
	doi = {10.1080/00268977100100481},
	journal = {Mol. Phys.},
	author = {Orr, B.J. and Ward, J.F.},
	year = {1971},
	pages = {513--526}
}
@article{bishopExplicitNondivergentFormulas1994,
	title = {Explicit Nondivergent Formulas for Atomic and Molecular Dynamic Hyperpolarizabilities},
	author = {Bishop, David M.},
	year = {1994},
	month = may,
	journal = {The Journal of Chemical Physics},
	volume = {100},
	number = {9},
	pages = {6535--6542},
	issn = {0021-9606, 1089-7690},
	doi = {10.1063/1.467062},
	urldate = {2017-09-03},
	langid = {english},
	keywords = {Alpha,Beta,Gamma},
	file = {/home/pierre/Zotero/storage/GXIC47YU/bishop1994.pdf;/home/pierre/Zotero/storage/W4CD599T/Bishop_1994_J. Chem. Phys.pdf}
}



@article{campoPracticalModelFirst2012a,
	title = {Practical {{Model}} for {{First Hyperpolarizability Dispersion Accounting}} for {{Both Homogeneous}} and {{Inhomogeneous Broadening Effects}}},
	author = {Campo, Jochen and Wenseleers, Wim and Hales, Joel M. and Makarov, Nikolay S. and Perry, Joseph W.},
	year = {2012},
	month = aug,
	volume = {3},
	pages = {2248--2252},
	issn = {1948-7185},
	doi = {10.1021/jz300922r},
	file = {/home/pierre/Zotero/storage/KTI3GNX5/Campo et al. - 2012 - Practical Model for First Hyperpolarizability Disp.pdf},
	journal = {The Journal of Physical Chemistry Letters},
	language = {en},
	number = {16}
}